<record><leader>00000cas a22000007a 4500</leader><controlfield tag="001">15728262</controlfield><controlfield tag="008">870522c19729999iaucr ne      0    0eng d</controlfield><datafield ind1=" " ind2=" " tag="010"><subfield code="a">sn 87057502 </subfield></datafield><datafield ind1=" " ind2=" " tag="040"><subfield code="a">INP</subfield><subfield code="b">eng</subfield><subfield code="c">INP</subfield><subfield code="d">OCLCQ</subfield></datafield><datafield ind1=" " ind2=" " tag="042"><subfield code="a">msc</subfield></datafield><datafield ind1="0" ind2="4" tag="245"><subfield code="a">The Clarinda, Iowa herald-journal.</subfield></datafield><datafield ind1=" " ind2=" " tag="260"><subfield code="a">Clarinda, Iowa :</subfield><subfield code="b">[s.n.],</subfield><subfield code="c">1972-</subfield></datafield><datafield ind1=" " ind2=" " tag="300"><subfield code="a">v.</subfield></datafield><datafield ind1=" " ind2=" " tag="310"><subfield code="a">Semiweekly</subfield></datafield><datafield ind1="0" ind2=" " tag="362"><subfield code="a">Vol. 114, no. 65 (Aug. 14, 1972)-</subfield></datafield><datafield ind1=" " ind2=" " tag="752"><subfield code="a">United States</subfield><subfield code="b">Iowa</subfield><subfield code="c">Page</subfield><subfield code="d">Clarinda.</subfield></datafield><datafield ind1="0" ind2="0" tag="780"><subfield code="t">Clarinda herald-journal</subfield><subfield code="w">(DLC)sn 87057412</subfield></datafield></record>